[gd_scene load_steps=2 format=3 uid="uid://dxo1q1wjnvj5h"]

[ext_resource type="Script" path="res://ui/settings_menu.gd" id="1_my41n"]

[node name="SettingsMenu" type="CanvasLayer"]
script = ExtResource("1_my41n")

[node name="MarginContainer" type="MarginContainer" parent="."]
anchors_preset = 15
anchor_right = 1.0
anchor_bottom = 1.0
grow_horizontal = 2
grow_vertical = 2

[node name="PanelContainer" type="PanelContainer" parent="MarginContainer"]
layout_mode = 2
size_flags_horizontal = 4
size_flags_vertical = 4

[node name="MarginContainer" type="MarginContainer" parent="MarginContainer/PanelContainer"]
layout_mode = 2
theme_override_constants/margin_left = 15
theme_override_constants/margin_top = 15
theme_override_constants/margin_right = 15
theme_override_constants/margin_bottom = 15

[node name="VBoxContainer" type="VBoxContainer" parent="MarginContainer/PanelContainer/MarginContainer"]
layout_mode = 2
theme_override_constants/separation = 15

[node name="Label" type="Label" parent="MarginContainer/PanelContainer/MarginContainer/VBoxContainer"]
layout_mode = 2
text = "Settings"
horizontal_alignment = 1
vertical_alignment = 1

[node name="VBoxContainer" type="VBoxContainer" parent="MarginContainer/PanelContainer/MarginContainer/VBoxContainer"]
layout_mode = 2

[node name="HBoxContainer" type="HBoxContainer" parent="MarginContainer/PanelContainer/MarginContainer/VBoxContainer/VBoxContainer"]
layout_mode = 2

[node name="Label" type="Label" parent="MarginContainer/PanelContainer/MarginContainer/VBoxContainer/VBoxContainer/HBoxContainer"]
layout_mode = 2
text = "Window Mode: "

[node name="WindowButton" type="Button" parent="MarginContainer/PanelContainer/MarginContainer/VBoxContainer/VBoxContainer/HBoxContainer"]
unique_name_in_owner = true
layout_mode = 2
text = "Windowed"

[node name="BackButton" type="Button" parent="MarginContainer/PanelContainer/MarginContainer/VBoxContainer"]
unique_name_in_owner = true
layout_mode = 2
text = "Back"
